@article{Vapnik2009544,
	Author = {Vladimir Vapnik and Akshay Vashist},
	Journal = {Neural Networks},
	Number = {5--6},
	Pages = {544 - 557},
	Title = {A new learning paradigm: Learning using privileged information},
	Volume = {22},
	Year = {2009}}

@article{Boser:1992:TAO:130385.130401,
 author = {Boser, Bernhard E. and Guyon, Isabelle M. and Vapnik, Vladimir N.},
 title = {A Training Algorithm for Optimal Margin Classifiers},
 booktitle = {Proceedings of the Fifth Annual Workshop on Computational Learning Theory},
 series = {COLT '92},
 year = {1992},
 isbn = {0-89791-497-X},
 location = {Pittsburgh, Pennsylvania, USA},
 pages = {144--152},
 numpages = {9},
 url = {http://doi.acm.org/10.1145/130385.130401},
 doi = {10.1145/130385.130401},
 acmid = {130401},
 publisher = {ACM},
 address = {New York, NY, USA},
} 
